%! Author = admin
%! Date = 2023/12/4
@inproceedings{ed4,
    author = {中国科学技术大学信息与计算机实验教学中心},
    title = {实验四 晶体管共射极单管放大器},
    booktitle = {电子技术实验一},
    year = {2023年10月},
}