%! Author = admin
%! Date = 2023/11/20
